@inproceedings{firstwork-foracks,
  author     = {Jane Smith and Mish Talem},
  title      = {Dynamic lettuce programming},
  booktitle  = {Proceedings of AGRIALGO 2010},
  year       = {2010},
  location   = {Somewhere, NY, USA},
  pages      = {123--154},
  publisher  = {Springer},
  location   = {Berlin / Heidelberg},
}

@incollection{secondwork-foracks,
  author     = {Big Shot and Mish Talem},
  title      = {Efficient solutions of foliage-related problems},
  booktitle  = {Greenleaf algorithms},
  year       = {2011},
  pages      = {239--254},
  series     = {Computer Science and Agriculture},
  editor     = {Eddy Kramer},
  publisher  = {Addison-Wesley},
  volume     = {231},
}
